@online{verge-2019-facebook-moderation,
  author = {Casey Newton},
  title = {The Trauma Floor},
  year = {2019},
  url = {https://www.theverge.com/2019/2/25/18229714/cognizant-facebook-content-moderator-interviews-trauma-working-conditions-arizona}
}
@misc{kaggle-toxic-comments,
   howpublished = "\url{https://www.kaggle.com/c/jigsaw-toxic-comment-classification-challenge}",
   title = "Jigsaw Toxic Comment Classification Challenge",
   author = "Google Jigsaw",
   note = "Accessed on 2021-01-29"
}
@misc{jigsaw-model-project,
  howpublished = {\url{https://github.com/conversationai/perspectiveapi/blob/master/2-api/model-cards/English/toxicity.md}},
  author = {Jigsaw / Conversation AI},
  title = {TOXICITY@6 Model Card},
  year = {2018},
  commit = {7c973059b645db92bdd3a4b6ceb61ff32e63c8d8}
}
